% Encoding: ISO-8859-1
@Book{conforti2014,
  title     = {Integer Programming},
  publisher = {Springer International Publishing},
  year      = {2014},
  author    = {Conforti, M. and Cornu{\'{e}}jols, G. and Zambelli, G.},
  doi       = {10.1007/978-3-319-11008-0},
  file      = {:conforti m/conforti2014 - integer programming.pdf:PDF},
  groups    = {optimization, integer},
}

